<?xml version="1.0" encoding="UTF-8"?>
<collection xmlns:xsi="http://www.w3.org/2001/XMLSchema-instance" xsi:schemaLocation="http://www.loc.gov/MARC21/slim http://www.loc.gov/standards/marcxml/schema/MARC21slim.xsd" xmlns="http://www.loc.gov/MARC21/slim">
<record>
  <leader>00565cam a22002171  4500</leader>
  <controlfield tag="001">3062939</controlfield>
  <controlfield tag="003">NNC</controlfield>
  <controlfield tag="005">20050411185124.0</controlfield>
  <controlfield tag="008">991120s1958    sy            000 0 ara d</controlfield>
  <datafield tag="035" ind1=" " ind2=" ">
    <subfield code="a">(OCoLC)ocm42865716</subfield>
  </datafield>
  <datafield tag="035" ind1=" " ind2=" ">
    <subfield code="9">ATN4684CU</subfield>
  </datafield>
  <datafield tag="035" ind1=" " ind2=" ">
    <subfield code="a">(NNC)3062939</subfield>
  </datafield>
  <datafield tag="040" ind1=" " ind2=" ">
    <subfield code="a">PUL</subfield>
    <subfield code="c">PUL</subfield>
    <subfield code="d">ZCU</subfield>
  </datafield>
  <datafield tag="099" ind1=" " ind2=" ">
    <subfield code="a">893.799</subfield>
    <subfield code="a">M443</subfield>
  </datafield>
  <datafield tag="100" ind1="1" ind2=" ">
    <subfield code="a">Maudoodi, Syed Abul ʻAla,</subfield>
    <subfield code="d">1903-1979.</subfield>
  </datafield>
  <datafield tag="245" ind1="1" ind2="3">
    <subfield code="a">al-Ribā.</subfield>
  </datafield>
  <datafield tag="260" ind1=" " ind2=" ">
    <subfield code="a">Damascus,</subfield>
    <subfield code="b">Dār al-Fikr al-Islāmī</subfield>
    <subfield code="c">[1958]</subfield>
  </datafield>
  <datafield tag="300" ind1=" " ind2=" ">
    <subfield code="a">198 p.</subfield>
    <subfield code="c">20 cm.</subfield>
  </datafield>
  <datafield tag="546" ind1=" " ind2=" ">
    <subfield code="a">In Arabic.</subfield>
  </datafield>
  <datafield tag="650" ind1=" " ind2="0">
    <subfield code="a">Interest (Islamic law)</subfield>
  </datafield>
  <datafield tag="955" ind1=" " ind2=" ">
    <subfield code="b">CU58844457</subfield>
    <subfield code="d">off,glx</subfield>
    <subfield code="e">893.799 M443</subfield>
  </datafield>
</record>
</collection>